@misc{openaiDotNet,
  author       = {OkGoDoIt},
  title        = {OpenAI-API-dotnet: .NET bindings for OpenAI's API, Version 1.6},
  year         = {2025},
  howpublished = {\url{https://github.com/OkGoDoIt/OpenAI-API-dotnet/releases/tag/v1.6}},
  note         = {Accessed: 2025-01-12}
}
